<?xml version="1.0" encoding="UTF-8"?><collection xmlns="http://www.loc.gov/MARC21/slim"><record><leader>00700nam--2200181-i-4500</leader><controlfield tag="001">000017199</controlfield><controlfield tag="002">20161230</controlfield><controlfield tag="005">20161230201032</controlfield><controlfield tag="008">060222s1000------------r-----000-0-eng-d</controlfield><datafield ind1=" " ind2=" " tag="020"><subfield code="a">9971950634</subfield></datafield><datafield ind1=" " ind2=" " tag="080"><subfield code="a">513.12(061.3)</subfield></datafield><datafield ind1="1" ind2=" " tag="100"><subfield code="a">Domokos, C</subfield></datafield><datafield ind1="1" ind2="0" tag="245"><subfield code="a">Current problems in particle theory; lattice gauge theories. supersymmetry and grand unification</subfield><subfield code="b">Vol. 7 proceedings of the johns hopkins workshop on current problems in particle theory, bonn, 1983 (bad honnef, june 21-23)</subfield><subfield code="c">G. domokos, s. kovesi-domokos (eds.)</subfield></datafield><datafield ind1=" " ind2=" " tag="260"><subfield code="a">Singapore</subfield><subfield code="b">World Scientific Publishing</subfield><subfield code="c">1983</subfield></datafield><datafield ind1=" " ind2=" " tag="300"><subfield code="a">292 P</subfield></datafield><datafield ind1=" " ind2=" " tag="700"><subfield code="a">K©œvesi-Domokos, S</subfield><subfield code="e">Ed</subfield></datafield><datafield ind1=" " ind2=" " tag="852"><subfield code="a">79752</subfield><subfield code="c">513.83</subfield></datafield><datafield ind1=" " ind2=" " tag="CAT"><subfield code="a">Sys</subfield><subfield code="c">20120125</subfield><subfield code="h">095324</subfield></datafield></record></collection>